%
% Author(s):
%   Takahiro Hashimoto
%

%
% BibTeX Entries
%
@article{ TestArticle,
	author = {R. G. Kouyoumjian and P. H. Pathak},
	title = {A uniform geometrical theory of diffraction for edge in a perfectly conducting surface},
	journal = {Proceedings of the IEEE},
	volume = {62},
	number = {11},
	pages = {1448-1461},
	year = {1974},
	month = {Nov.},
 }

@book{ TestBook,
	author = {R. F. Harrington},
	publisher = {MacMillan},
	title = {Field Computation by Moment Methods},
	year = {1968},
 }

@electronic{ wikilv,
	title = {\mbox{Wikipedia, {L}otka-{V}olterra equations}},
	howpublished = { \break https://en.wikipedia.org{\slash}wiki{\slash}Lotka-Volterra\_equations},
	note = {Accessed on June 2016}
 }

@electronic{ wollv,
	title = { \mbox{Wolfram {M}ath{W}orld, {L}otka-{V}olterra equations}},
	howpublished = {\break http://mathworld.wolfram.com/Lotka-VolterraEquations.html},
	note = {Accessed on June 2016}
 }

@electronic{ wikilam,
	title = {\mbox{Wikipedia, {L}ambert {W} function}},
	howpublished = {\break https://en.wikipedia.org{\slash}wiki{\slash}Lambert\_W\_function},
	note = {Accessed on June 2016}
 }
